% Encoding: UTF-8
@book{schemt,
  author    = {П. Хоровиц, У. Хилл},
  title     = {Искусство Схемотехники. 4-е изд},
  year      = {1993},
  publisher = {Мир},
  isbn      = {5-03-002337-2},
  pages     = {324 - 329},
  language  = {russian}
}

@misc{led_wiki,
  title     = {LED -- Light-emitting Diode},
  date      = {2023-3-11},
  url       = {https://en.wikipedia.org/wiki/Light-emitting_diode},
  timestamp = {2023-10-11}
}

@misc{nova_manual,
  title     = {Novastar LED Screen configuration},
  date      = {2023-3-11},
  url       = {https://oss.novastar.tech/uploads/2022/08/NovaLCT-LED-Configuration-Tool-for-Multimedia-Player-User-Manual-V5.4.4.5.pdf},
  timestamp = {2023-10-11}
}

@misc{stm32_mcus,
  title     = {STM32 32-bit Arm Cortex MCUs},
  date      = {2023-3-11},
  url       = {https://www.st.com/en/microcontrollers-microprocessors/stm32-32-bit-arm-cortex-mcus.html},
  timestamp = {2023-10-11}
}

@misc{ams1117_datasheet,
  title     = {AMS1117 Datasheet},
  date      = {2023-3-11},
  url       = {http://www.advanced-monolithic.com/pdf/ds1117.pdf},
  timestamp = {2023-10-11}
}

@misc{shifter_datasheet,
  title     = {TXS0108E Datasheet},
  date      = {2023-3-11},
  url       = {https://www.ti.com/lit/gpn/TXS0108E},
  timestamp = {2023-10-11}
}

@misc{altium_docs,
  title     = {Altium Designer Documentation},
  date      = {2023-3-11},
  url       = {https://www.altium.com/documentation/altium-designer},
  timestamp = {2023-10-11}
}

@misc{sw_docs,
  title     = {SolidWorks Documentation},
  date      = {2023-3-11},
  url       = {https://help.solidworks.com/},
  timestamp = {2023-10-11}
}

@misc{reddit,
  title     = {Reddit LED Matrix},
  date      = {2023-3-11},
  url       = {https://www.reddit.com/r/led/comments/12zy7kx/unsure_on_how_to_powerconnect_led_matrix_project/},
  timestamp = {2023-10-11}
}
